@InProceedings{lean-tactics,
 author = {Ebner, Gabriel and Ullrich, Sebastian and Roesch, Jared and Avigad, Jeremy and de Moura, Leonardo},
 title = {A metaprogramming framework for formal verification},
 year = {2017},
 issue_date = {August 2017},
 publisher = {ACM},
 doi = {10.1145/3110278},
 booktitle = {ICFP 2017},
 series = {PACMPL},
 number = {1, ICFP},
 month = aug,
 articleno = {Article 34},
 numpages = {29},
 keywords = {dependent type theory, theorem proving, metaprogramming, tactic language}
}

@InProceedings{lean-prover,
author="de Moura, Leonardo
and Kong, Soonho
and Avigad, Jeremy
and van Doorn, Floris
and von Raumer, Jakob",
editor="Felty, A. P.
and Middeldorp, A.",
title="The Lean theorem prover (system description)",
booktitle="Automated Deduction - CADE-25",
series="LNCS",
volume="9195",
year="2015",
publisher="Springer, Cham",
pages="378--388",
doi = {10.1007/978-3-319-21401-6_26},
}

@Book{mathcomp,
  author =    {Assia Mahboubi and Enrico Tassi},
  title =        {The Mathematical Components Libraries},
  publisher =    {\url{https://math-comp.github.io/mcb/}},
  year =         {2017}
}

@inproceedings{mathlib,
author = {{The mathlib Community}},
editor={Blanchette, J. and Hrițcu, C.},
title = {The Lean Mathematical Library},
year = {2020},
isbn = {9781450370974},
publisher = {ACM},
doi = {10.1145/3372885.3373824},
booktitle = {CPP 2020},
pages = {367–381},
numpages = {15},
keywords = {formal library, mathlib, formal proof, Lean},
}

@book{Neukirch,
author = {Neukirch, J\"{u}rgen},
title = {Algebraic number theory},
series = {Grundlehren der Mathematischen Wissenschaften [Fundamental
              Principles of Mathematical Sciences]},
volume = {322},
note = {Translated from the 1992 German original and with a note by Norbert Schappacher, With a foreword by G. Harder},
publisher = {Springer-Verlag, Berlin},
year = {1999},
pages = {xviii+571},
isbn = {3-540-65399-6},
doi = {10.1007/978-3-662-03983-0},
}

@book{Dummit-and-Foote,
author = {Dummit, David S. and Foote, Richard M.},
title = {Abstract algebra},
edition = {Third},
publisher = {John Wiley \& Sons, Inc., Hoboken, NJ},
year = {2004},
pages = {xii+932},
isbn = {0-471-43334-9},
}
